@ONLINE{tribler,
title = {Tribler {@ONLINE}},
year = {2012},
url = {http://www.tribler.org/}
}